@article{Tao2007,
   abstract = {Some personal thoughts and opinions on what "good quality mathematics" is and whether one should try to define this term rigorously. As a case study, the story of Szemerédi's theorem is presented. © 2007 American Mathematical Society.},
   author = {Terence Tao},
   doi = {10.1090/S0273-0979-07-01168-8},
   isbn = {0273-0979(07)01168-8},
   issn = {0273-0979},
   issue = {4},
   journal = {Bulletin of the American Mathematical Society},
   month = {10},
   pages = {623-634},
   title = {What is good mathematics?},
   volume = {44},
   url = {https://www.ams.org/bull/2007-44-04/S0273-0979-07-01168-8/},
   year = {2007},
}
